@article{新井邦二郎1973知的行為の多段階形成理論,
  title={知的行為の多段階形成理論},
  author={新井邦二郎},
  journal={教育心理学研究},
  volume={21},
  number={3},
  pages={192--197},
  year={1973},
  publisher={一般社団法人 日本教育心理学会}
}

\if0

以下をbibtex化してください．google scholarを使うと簡単にできます．

\bibitem{arai73}
新井邦三郎, 知的行為の多段階形成理論,教育心理学研究, 21(3), pp.56-61 (1973).

\bibitem{Perpart80}
S. Papert, Mindstorms: Children, Computers and Powerful Ideas, Basic Books, 奥村喜世子訳, マインドストーム 子供, コンヒューター, そして強力なアイデア, 未来社 (1982). 

\bibitem{hira0}
平嶋宗, 林雄介, メタ問題設計法としてのオープン情報構造アプローチ, 人工知能学会研究会資料. SIGALST-B509, pp.55-60 (2018).

\bibitem{hira2}
平嶋宗, 「学習課題」中心の学習研究─情報構造としての学習課題の再定義と構造操作としての学習活動の設計, 人工知能学会誌, 39(3), pp.277-280（2015).

\bibitem{hira1}
平嶋宗, 学習課題の内容分析とそれに基づく学習支援システムの設計・開発：算数を事例として, 教育システム情報学会誌, Vol.30, No.1, pp.8-19 (2013).

\bibitem{uwano}
植野真臣, eラーニングにおけるデータマイニング, 日本教育工学会論文誌, vol.31, no.3, pp.271-283 (2007).

\bibitem{la1}
Course Signals - Stoplights for Student Success, http://www.itap.purdue.edu/learning/tools/signals/ (Retrieved February 11, 2014).

\bibitem{la2}
K. E. Arnold, M. D. Pistilli, Course signals at Purdue: using learning analytics to increase student success, Proceedings of the 2nd Int. Conf. on Learning Analytics and Knowledge, pp.267-270 (2012).

\bibitem{hayashi1}
林雄介, 平嶋宗, 情報構造指向アプローチをベースとした教育ビックデータにおける相関関係から因果関係の導出, 情報処理学会研究報告, Vol.2016-CLE-20 No.1, 2016(1), pp.1-6 (2016).

\bibitem{miwa}
三輪和久, 認知科学研究において「組み立てることによる学習」を考えることの意義, 第28回人工知能学会全国大会, 1B4-OS-12a-1 (2014). 

\bibitem{nakano00}
中野明, 平嶋宗, 竹内章, 「問題を作ることによる学習」の知的支援環境, 電子情報通信学会論文誌 D-I, Vol.J83-D-I, No.6, pp.539-549 (2000).

\bibitem{yoko06}
横山琢郎, 平嶋宗, 岡本真彦, 竹内章, 単文統合としての作問を対象とした学習支援システムの設計・開発, 教育システム情報学会誌, Vol.23, No.4, pp.166-175 (2006).

\bibitem{kura12}
倉山めぐみ, 平嶋宗, 逆思考型を対象とした算数文章題の作問学習支援システム設計開発と実践的利用, 人工知能学会論文誌, Vol.27, No.2, pp.82-91 (2012).

\bibitem{yama13a}
山元翔, 神戸健寛, 吉田祐太, 前田一誠, 平嶋宗, 教室授業との融合を目的とした単文統合型作問学習支援システムモンサクンTouchの開発と実践利用, 電子情報通信学会論文誌D, Vol.J96-D, No.10, pp.2440-2451 (2013). 


\fi