@book{福川2018,
  author    = "福川, 裕一 and 城所, 哲夫",
  title     = "「まちなか」から始まる地方創生 : クリエイティブ・タウンの理論と実践",
  publisher = "岩波書店",
  year      = "2018",
  URL       = "https://ci.nii.ac.jp/ncid/BB25830122"
}

@article{足立基浩2015,
  title={地方都市の商店街再生の方向性 学生・市民の参加による組織力の強化の可能性},
  author={足立基浩 and 上野美咲},
  journal={経済理論},
  volume={382},
  pages={1--16},
  year={2015}
}